







@article{araki_is_2010,
	title = {Is hatchery stocking a help or harm? : {Evidence}, limitations and future directions in ecological and genetic surveys},
	issn = {0044-8486},
	shorttitle = {Is hatchery stocking a help or harm?},

	journal = {Aquaculture},
	author = {Araki, Hitoshi and Schmid, Corinne},
	year = {2010},
	keywords = {animal genetics, case studies, fish, fish culture, genetic variation, hatcheries, parentage, population genetics, population size, rearing, surveys, wild animals}
}



@article{horreo_ecological_2012,
	title = {Ecological and economic costs of supportive breeding: {Atlantic} salmon ({Salmo} salar) as a case study},
	volume = {356–357},
	issn = {0044-8486},
	shorttitle = {Ecological and economic costs of supportive breeding},
	url = {http://www.sciencedirect.com/science/article/pii/S0044848612003596},
	doi = {10.1016/j.aquaculture.2012.06.006},
	urldate = {2015-06-02},
	journal = {Aquaculture},
	author = {Horreo, Jose Luis and de la Hoz, Jeronimo and Pola, Ivan Gonzalez and Machado-Schiaffino, Gonzalo and Garcia-Vazquez, Eva},
	month = aug,
	year = {2012},
	keywords = {Conservation, Pedigree test, Salmo salar, stocking, supportive breeding},
	pages = {1--6}
}



@article{kallio-nyberg_effect_2011,
	title = {Effect of hatchery rearing and environmental factors on the survival, growth and migration of {Atlantic} salmon in the {Baltic} {Sea}},
	volume = {109},
	issn = {0165-7836},
	url = {http://www.sciencedirect.com/science/article/pii/S0165783611000865},
	doi = {10.1016/j.fishres.2011.02.015},
 number = {2–3},
	urldate = {2015-06-02},
	journal = {Fisheries Research},
	author = {Kallio-Nyberg, Irma and Saloniemi, Irma and Jutila, Eero and Jokikokko, Erkki},
	month = may,
	year = {2011},
	keywords = {Catch size, Hatchery rearing, marine survival, Natural stock, Salmo salar, Sea age at maturity, Sea migration},
	pages = {285--294}
}



@article{jokikokko_numbers_2009,
	title = {Numbers of ascending wild and reared {Atlantic} salmon adults in relation to smolt output of the {Simojoki} river in the northern {Baltic} {Sea}},
	volume = {16},
	issn = {0969997X},
	url = {http://search.ebscohost.com/login.aspx?direct=true&db=a9h&AN=36839818&lang=fr&site=ehost-live},
	doi = {10.1111/j.1365-2400.2008.00648.x},
	number = {2},
	urldate = {2015-06-02},
	journal = {Fisheries Management \& Ecology},
	author = {Jokikokko, E. and Jutila, E.},
	month = apr,
	year = {2009},
	keywords = {Aquaculture, Atlantic salmon, BALTIC Sea -- Environmental conditions, FINLAND, fish culture, FISHES -- Population biology, Reproduction, RIVERS, spawning},
	pages = {165--167}
}



@article{kallio-nyberg_costbenefit_2013,
	title = {Cost–benefit analysis of {Atlantic} salmon smolt releases in relation to life-history variation},
	volume = {145},
	issn = {0165-7836},
	url = {http://www.sciencedirect.com/science/article/pii/S0165783613000726},
	doi = {10.1016/j.fishres.2013.03.004},
	urldate = {2015-06-02},
	journal = {Fisheries Research},
	author = {Kallio-Nyberg, I. and Salminen, M. and Pakarinen, T. and Koljonen, M. -L.},
	month = aug,
	year = {2013},
	keywords = {Atlantic salmon, Baltic Sea, Catch allocation, Cost–benefit analysis, Natural production, stocking},
	pages = {6--14}
}



@article{jonsson_cultured_2006,
	title = {Cultured {Atlantic} salmon in nature: a review of their ecology and interaction with wild fish},
	volume = {63},
	issn = {1054-3139, 1095-9289},
	shorttitle = {Cultured {Atlantic} salmon in nature},
	url = {http://icesjms.oxfordjournals.org.gate1.inist.fr/content/63/7/1162},
	doi = {10.1016/j.icesjms.2006.03.004},
	language = {en},
	number = {7},
	urldate = {2015-06-02},
	journal = {ICES Journal of Marine Science: Journal du Conseil},
	author = {Jonsson, Bror and Jonsson, Nina},
	month = jan,
	year = {2006},
	keywords = {captive, competition, cultured, density-dependence, farmed Atlantic salmon, Hatchery rearing, spawning},
	pages = {1162--1181}
}



@article{jonsson_differences_1991,
	title = {Differences in life history and migratory behaviour between wild and hatchery-reared {Atlantic} salmon in nature},
	issn = {0044-8486},
	journal = {Aquaculture (Netherlands)},
	author = {Jonsson, B. and Jonsson, N. and Hansen, L.p.},
	year = {1991},
	keywords = {AQUATIC ecology, BEHAVIOUR / COMPORTEMENT / COMPORTAMIENTO, LIFE CYCLE / CYCLE DE DEVELOPPEMENT / CICLO VITAL, SALMO SALAR/ ANIMAL MIGRATION / SALMO SALAR/ MIGRATION ANIMALE / SALMO SALAR/ MIGRACION ANIMAL}
}



@article{jonsson_marine_2003,
	title = {The marine survival and growth of wild and hatchery-reared {Atlantic} salmon},
	volume = {40},
	issn = {1365-2664},
	url = {http://onlinelibrary.wiley.com.gate1.inist.fr/doi/10.1046/j.1365-2664.2003.00851.x/abstract},
	doi = {10.1046/j.1365-2664.2003.00851.x},
	language = {en},
	number = {5},
	urldate = {2015-06-02},
	journal = {Journal of Applied Ecology},
	author = {Jonsson, Nina and Jonsson, Bror and Hansen, Lars Petter},
	month = oct,
	year = {2003},
	keywords = {River Imsa, salmon abundance, Salmo salar, sea-age at maturity, year-class variation},
	pages = {900--911}
}



@article{kostow_differences_2004,
	title = {Differences in juvenile phenotypes and survival between hatchery stocks and a natural population provide evidence for modified selection due to captive breeding},
	volume = {61},
	issn = {0706652X},
	doi = {10.1139/F04-019},
	number = {4},
	journal = {Canadian Journal of Fisheries \& Aquatic Sciences},
	author = {Kostow, Kathryn E.},
	month = apr,
	year = {2004},
	keywords = {BREEDING, HATCHERY fishes, HOOD River (Or.), OREGON, PHENOTYPE, STEELHEAD (Fish), UNITED States},
	pages = {577--589}
}



@article{romakkaniemi_conservation_2008,
	title = {Conservation of {Atlantic} salmon by supplementary stocking of juvenile fish},
	url = {https://helda.helsinki.fi/handle/10138/22041},
	language = {en},
	urldate = {2015-06-02},
	author = {Romakkaniemi, Atso},
	month = aug,
	year = {2008}
}



@article{saikkonen_rapid_2011,
	title = {Rapid growth of {Atlantic} salmon juveniles in captivity may indicate poor performance in nature},
	volume = {144},
	issn = {0006-3207},
	url = {http://www.sciencedirect.com/science/article/pii/S0006320711002370},
	doi = {10.1016/j.biocon.2011.06.010},
	number = {9},
	urldate = {2015-06-02},
	journal = {Biological Conservation},
	author = {Saikkonen, Arto and Kekäläinen, Jukka and Piironen, Jorma},
	month = sep,
	year = {2011},
	keywords = {Atlantic salmon, Captivity, Condition, growth, Hatchery selection, Survival},
	pages = {2320--2327}
}



@article{thorstad_low_2011,
	title = {Low survival of hatchery-released {Atlantic} salmon smolts during initial river and fjord migration ({English})},
	volume = {16},
	issn = {12396095},
	number = {2},
	journal = {Boreal environ. res.},
	author = {Thorstad, Eva B. [b1]  (analytic) and Uglem, Ingebrigt [b1]  (analytic) and Arechavala-Lopez, Pablo [b2]  (analytic) and Økland, Finn [b1]  (analytic) and Finstad, Bengt [b1]  (analytic)},
	year = {2011},
	keywords = {Alimentación, Alimentation, Animal jeune, Animal joven, Chordata, Ecloserie, Estrategia, Europa, Europe, feeding, Fiordo, Fjord, fjords, hatchery, Migración, Migration, Mortalidad, Mortalité, mortality, Noruega, Norvège, Norway, Pisces, Prédateur, Predation, Prédation, predators, Rapiña, Río, RIVERS, Rivière, SALMONIDAE, Scandinavia, Scandinavie, Smoltificación, Smoltification, Sobrevivencia, Stratégie, strategy, Survie, Survival, Vertebrata, Young animal},
	pages = {115--120}
}

@article{fleming_experimental_1996,
	title = {An experimental study of the reproductive behaviour and success of farmed and wild {Atlantic} salmon},
	volume = {33},
	issn = {00218901},
	url = {http://search.ebscohost.com/login.aspx?direct=true&db=a9h&AN=12211644&lang=fr&site=ehost-live},
number = {4},
	urldate = {2015-06-02},
	journal = {Journal of Applied Ecology},
	author = {Fleming, I. A. and Jonsson, B. and Gross, M. R. and Lamberg, A.},
	month = aug,
	year = {1996},
	keywords = {AQUACULTURE industry, aquatic biodiversity, artificial culture, Atlantic salmon, biodiversity, BREEDING, breeding success, captive breeding, fish culture, fish farming, spawning},
	pages = {893--905}
}



@article{chilcote_reduced_2011,
	title = {Reduced recruitment performance in natural populations of anadromous salmonids associated with hatchery-reared fish},
	volume = {68},
	issn = {0706652X},
	url = {http://search.ebscohost.com/login.aspx?direct=true&db=a9h&AN=59164679&lang=fr&site=ehost-live},
number = {3},
	urldate = {2015-06-02},
	journal = {Canadian Journal of Fisheries \& Aquatic Sciences},
	author = {Chilcote, M. W. and Goodson, K. W. and Falcy, M. R.},
	month = mar,
	year = {2011},
	keywords = {ANADROMOUS fishes, BROOD stock assessment, CHINOOK salmon, HATCHERY fishes, SEXUAL behavior in animals, STEELHEAD (Fish)},
	pages = {511--522}
}



@article{naish_evaluation_2007,
	title = {An {Evaluation} of the {Effects} of {Conservation} and {Fishery} {Enhancement} {Hatcheries} on {Wild} {Populations} of {Salmon}1},
	volume = {53},
	issn = {0065-2881},
	doi = {10.1016/S0065-2881(07)53002-6},
	journal = {Advances in Marine Biology},
	author = {Naish, Kerry A. and Taylor, Joseph E., III and Levin, Phillip S. and Quinn, Thomas P. and Winton, James R. and Huppert, Daniel and Hilborn, Ray},
	month = jan,
	year = {2007},
	pages = {61--194}
}



@article{mcginnity_differential_2004,
	title = {Differential lifetime success and performance of native and non-native {Atlantic} salmon examined under communal natural conditions},
	volume = {65},
	issn = {00221112},
	url = {http://search.ebscohost.com/login.aspx?direct=true&db=a9h&AN=15373299&lang=fr&site=ehost-live},
	doi = {10.1111/j.0022-1112.2004.00557.x},
	urldate = {2015-06-02},
	journal = {Journal of Fish Biology},
	author = {McGinnity, P. and Prodöhl, P. and Maoiléidigh, N.ó and Hynes, R. and Cotter, D. and Baker, N. and O'Hea, B. and Ferguson, A.},
	month = dec,
	year = {2004},
	keywords = {ANIMAL introduction, Aquaculture, Atlantic salmon, common garden experiment, fish culture, fishery management, FISHES -- Population biology, FISH stocking, microsatellite DNA profiling, MICROSATELLITES (Genetics), MIGRATION of fishes, non-native introductions, ranching, Salmo salar, stocking.},
	pages = {173--187}
}




@article{fraser_how_2008,
	title = {How well can captive breeding programs conserve biodiversity? {A} review of salmonids},
	volume = {1},
	issn = {17524563},
	shorttitle = {How well can captive breeding programs conserve biodiversity?},
	url = {http://search.ebscohost.com/login.aspx?direct=true&db=a9h&AN=35326569&lang=fr&site=eds-live},
	doi = {10.1111/j.1752-4571.2008.00036.x},
	number = {4},
	urldate = {2015-06-02},
	journal = {Evolutionary Applications},
	author = {Fraser, Dylan J.},
	month = dec,
	year = {2008},
	keywords = {ANIMAL breeding, A priori, biodiversity, captive breeding, Conservation, CRYOBIOLOGY, domestication selection, Endangered species, genetic diversity, meta-analysis, Nature Conservation, reintroduction, SALMON, SALMONIDAE},
	pages = {535--586}
}



@article{blanchet_integrated_2008,
	title = {An integrated comparison of captive-bred and wild {Atlantic} salmon ({Salmo} salar): {Implications} for supportive breeding programs},
	volume = {141},
	issn = {0006-3207},
	shorttitle = {An integrated comparison of captive-bred and wild {Atlantic} salmon ({Salmo} salar)},
	url = {http://www.sciencedirect.com/science/article/pii/S0006320708001997},
	doi = {10.1016/j.biocon.2008.05.014},
	number = {8},
	urldate = {2015-06-02},
	journal = {Biological Conservation},
	author = {Blanchet, Simon and Páez, David J. and Bernatchez, Louis and Dodson, Julian J.},
	month = aug,
	year = {2008},
	keywords = {Behaviour, captive breeding, Microsatellite, Morphometry, Population restoration, Salmonids conservation},
	pages = {1989--1999}
}



@article{gow_little_2011,
	title = {Little impact of hatchery supplementation that uses native broodstock on the genetic structure and diversity of steelhead trout revealed by a large-scale spatio-temporal microsatellite survey},
	volume = {4},
	issn = {17524563},
	url = {http://search.ebscohost.com/login.aspx?direct=true&db=a9h&AN=67488553&lang=fr&site=eds-live},
	doi = {10.1111/j.1752-4571.2011.00198.x},
	number = {6},
	urldate = {2015-06-02},
	journal = {Evolutionary Applications},
	author = {Gow, Jennifer L. and Tamkee, Patrick and Heggenes, Jan and Wilson, Greg A. and Taylor, Eric B.},
	month = nov,
	year = {2011},
	keywords = {EVOLUTION (Biology), FISHES -- Genetics, FISHES -- Population biology, HATCHERY fishes, MICROSATELLITES (Genetics), SPATIO-temporal variation, TROUT},
	pages = {763--782}
}







@article{mcdonald_condition_1998,
	title = {Condition and performance of juvenile {Atlantic} salmon ({Salmo} salar) : effects of rearing practices on hatchery fish and comparison with wild fish ({English})},
	volume = {55},
	issn = {0706652X},
	shorttitle = {Condition and performance of juvenile {Atlantic} salmon ({Salmo} salar)},
	number = {5},
	journal = {Can. j. fish. aquat. sci. (Print)},
	author = {Mcdonald, D. G. [b1]  (analytic) and Milligan, C. L. [b2]  (analytic) and Mcfarlane, W. J. [b1]  (analytic) and Croke, S. [b1]  (analytic) and Currie, S. [b3]  (analytic) and Hooke, B. [b2]  (analytic) and Angus, R. B. [b4]  (analytic) and Tufts, B. L. [b3]  (analytic) and Davidson, K. [b5]  (analytic)},
	year = {1998},
	keywords = {Animal cría, Animal élevage, Animal jeune, Animal joven, Animal salvaje, Animal sauvage, Body composition, Comparación intraespecífica, Comparaison intraspécifique, Composicíon corporal, Composition corporelle, Condición fisiológica, Condition physiologique, Cría, Elevage, Farming animal, Intraspecific comparison, Method, Méthode, Método, Muscle strié, Músculo estriado, Nado, Nage, Performance, Physiological condition, Pisces, Piscicultura, Pisciculture, rearing, Rendimiento, SALMONIDAE, Salmo salar, Speed, Striated muscle, Swimming, Velocidad desplazamiento, Vertebrata, Vitesse déplacement, Wild animal, Young animal},
	pages = {1208--1219}
}



@article{theriault_survival_2010,
	title = {Survival and life history characteristics among wild and hatchery coho salmon ({Oncorhynchus} kisutch) returns: how do unfed fry differ from smolt releases?},
	volume = {67},
	number = {3},
	urldate = {2015-06-02},
	journal = {Canadian Journal of Fisheries \& Aquatic Sciences},
	author = {Thériault, Véronique and Moyer, Gregory R. and Banks, Michael A.},
	month = mar,
	year = {2010},
	keywords = {Aquaculture, COHORT analysis, COHO salmon, FISH conservation, FISHES -- Population biology, FISHES -- Spawning, FORAGING behavior (Animals), HATCHERY releases, Smolting},
	pages = {486--497}
}




@article{williamson_factors_2010,
	title = {Factors influencing the relative fitness of hatchery and wild spring {Chinook} salmon ({Oncorhynchus} tshawytscha) in the {Wenatchee} {River}, {Washington}, {USA}},
	volume = {67},
	issn = {0706652X},
	url = {http://search.ebscohost.com/login.aspx?direct=true&db=a9h&AN=54990181&lang=fr&site=ehost-live},
	doi = {10.1139/F10-099},
	number = {11},
	urldate = {2015-06-02},
	journal = {Canadian Journal of Fisheries \& Aquatic Sciences},
	author = {Williamson, Kevin S. and Murdoch, Andrew R. and Pearsons, Todd N. and Ward, Eric J. and Ford, Michael J.},
	month = nov,
	year = {2010},
	keywords = {CHINOOK salmon, HATCHERY fishes, spawning, WATERSHEDS, WENATCHEE River (Wash.)},
	pages = {1840--1851}
}




@article{fausch_interactions_2003,
	title = {Interactions between hatchery and wild salmonids in streams: differences in biology and evidence for competition},
	volume = {60},
	issn = {0706652X},
	shorttitle = {Interactions between hatchery and wild salmonids in streams},
		number = {8},
	journal = {Canadian Journal of Fisheries \& Aquatic Sciences},
	author = {Fausch, Kurt D and Weber, Edward D},
	month = aug,
	year = {2003},
	keywords = {FISHES, FISH hatcheries, HATCHERY fishes, SALMON, SALMONIDAE},
	pages = {1018--1036}
}



@article{brannon_controversy_2004,
	title = {The controversy about salmon hatcheries},
	volume = {29},
	issn = {03632415},
	number = {9},
	journal = {FISHERIES},
	author = {Brannon, El and Amend, Df and Cronin, Ma and Lannan, Je and LaPatra, S and McNeil, Wj and Noble, Re and Smith, Ce and Talbot, Aj and Wedemeyer, Ga and Westers, H},
	month = sep,
	year = {2004},
	keywords = {fisheries},
	pages = {12--31}
}


