
@techreport{bach_poutes_2007,
	title = {Expertise du système de dévalaison de Naussac 2 et évaluation globale des conditions de dévalaison des saumons sur l'Allier.},
	institution = {{LOGRAMI}},
	author = {Bach, {J.M.} and Lelièvre, M. and Trotet, M.},
	year = {2007},
	pages = {77}
},

@techreport{bagliniere_poutes_2005,
	title = {Le complexe hydroélectrique de Poutès-Monistrol (Haute-Loire) : Impact sur la population de saumon de {l'Allier} et sur les autres espèces migratrices.},
	institution = {{GRISAM}},
	author = {Baglinière, {J.L.} and Larinier, M. and Porcher, {J.P.} and Prévost, E. and Souchon, Y. and Vauclin, V.},
	year = {2005},
	pages = {26}
},

@techreport{dauphin_viability_2013,
	title = {Viability analysis of the natural population of Atlantic salmon (Salmo salar L.) in the Allier catchment.},
	institution = {{INRA}},
	author = {Dauphin, G. and Prévost, E.},
	year = {2013},
	pages = {208}
},

@article{dauphin_spawners_2013,
	title = {Estimating spatial distribution of Atlantic salmon escapement using redd counts despite changes over time in counting procedure: application to the Allier River population},
	volume = {22},
	number = {4},
	journal = {Ecology of Freshwater Fish},
	author = {Dauphin, G. and Brugel, C. and Hoffmann-Legrand, M. and Prévost, E.},
	year = {2013},
	pages= {626--636}
},

@techreport{legrand_transfert_2014,
	title = {De la recherche à la gestion : transfert {d'un} modèle de dynamique de population vers un opérateur de la gestion. Cas du saumon de {l'Allier}},
	institution = {LOGRAMI,{INRA--UMR 1224 ECOBIOP}},
	author = {Legrand, M. and Prévost, E.},
	year = {2015},
	pages = {97}
}

@techreport{minster_err_1999,
	title = {Repérage et évaluation des surfaces potentielles de développement de juvéniles de saumons atlantiques : Proposition d'un modèle de gestion des stocks sur les bassins de {l'Allier} et de {l'Arroux}.},
	institution = {{LOGRAMI},{CSP--DR6}},
	author = {Minster, A. M. and Bomassi, P.},
	year = {1999},
	pages = {66}
}