
@article{araki_genetic_2007,
	title = {Genetic {Effects} of {Captive} {Breeding} {Cause} a {Rapid}, {Cumulative} {Fitness} {Decline} in the {Wild}},
	number = {5847},
	journal = {Science},
	author = {Araki, Hitoshi and Cooper, Becky and Blouin, Michael S.},
	year = {2007},
	pages = {100}
}

@article{araki_fitness_2008,
	title = {Fitness of hatchery-reared salmonids in the wild},
	volume = {1},
	number = {2},
	urldate = {2015-05-13},
	journal = {Evolutionary Applications},
	author = {Araki, Hitoshi and Berejikian, Barry A. and Ford, Michael J. and Blouin, Michael S.},
	month = jun,
	year = {2008},
	keywords = {Adaptation, captive breeding, conservation genetics, FISHES -- Body composition, FISHES -- Habitat, FISH physiology, HABITAT (Ecology), HABITAT
selection, HATCHERY fishes, LIFE cycles (Biology), QUANTITATIVE research, SALMON, selection},
	pages = {342--355}
}

@techreport{bach_poutes_2007,
	title = {Expertise du système de dévalaison de Naussac 2 et évaluation globale des conditions de dévalaison des saumons sur l'Allier.},
	institution = {{LOGRAMI}},
	author = {Bach, {J.M.} and Lelièvre, M. and Trotet, M.},
	year = {2007},
	pages = {77}
},

@techreport{bagliniere_poutes_2005,
	title = {Le complexe hydroélectrique de Poutès-Monistrol (Haute-Loire) : Impact sur la population de saumon de {l'Allier} et sur les autres espèces migratrices.},
	institution = {{GRISAM}},
	author = {Baglinière, {J.L.} and Larinier, M. and Porcher, {J.P.} and Prévost, E. and Souchon, Y. and Vauclin, V.},
	year = {2005},
	pages = {26}
},

@techreport{berejikian_review_2004,
	type = {{NOAA} {Technical} {Memorandum}},
	title = {Review of relative fitness of hatchery and natural salmon - {DWH} {Repository}},
	number = {NMFS-NWFSC-61},
	urldate = {2015-06-05},
	institution = {Northwest Fisheries Science Center},
	author = {Berejikian, B.A and Ford, Mj},
	year = {2004},
	pages = {43}
},

@techreport{briand_devalaison_2015,
	title = {Mortalité cumulée des saumons et des anguilles dans les turbines du bassin Loire-Bretagne},
	institution = {{EPTB-Vilaine}, {LOGRAMI}, {ONEMA}, {BGM}, {INRA}},
	author = {Briand, C. and Legrand, M. and Chapon, {P-M.} and Beaulaton, L. and Germis, G. and Arago, {M-A.} and Besse, {T.} and {De Canet}, L. and Steinbach, {P.}},
	year = {2015},
	pages = {260}
},

@article{christie_reproductive_2014,
	title = {On the reproductive success of early-generation hatchery fish in the wild},
	volume = {7},
	number = {8},
	urldate = {2015-05-13},
	journal = {Evolutionary Applications},
	author = {Christie, Mark R. and Ford, Michael J. and Blouin, Michael S.},
	month = sep,
	year = {2014},
	keywords = {ANIMAL species, captive breeding,domestication, ESTIMATION theory, FISH population genetics, FISH reproduction,
fitness, hatcheries, HATCHERY fishes, relative reproductive success, salmon.},
	pages = {883--896}
}

@techreport{dauphin_viability_2013,
	title = {Viability analysis of the natural population of Atlantic salmon (Salmo salar L.) in the Allier catchment.},
	institution = {{INRA}},
	author = {Dauphin, G. and Prévost, E.},
	year = {2013},
	pages = {208}
},

@article{dauphin_spawners_2013,
	title = {Estimating spatial distribution of Atlantic salmon escapement using redd counts despite changes over time in counting procedure: application to the Allier River population},
	volume = {22},
	number = {4},
	journal = {Ecology of Freshwater Fish},
	author = {Dauphin, G. and Brugel, C. and Hoffmann-Legrand, M. and Prévost, E.},
	year = {2013},
	pages= {626--636}
},

@article{einum_implications_2001,
	title = {Implications of {Stocking}: {Ecological} {Interactions} {Between} {Wild} and {Released} {Salmonids}},
	number = {75},
	journal = {NORDIC JOURNAL OF FRESHWATER RESEARCH},
	author = {Einum, S. and Fleming, I. A.},
	year = {2001},
	pages = {56--70}
}

@article{jokikokko_survival_2006,
	title = {The survival of semi-wild, wild and hatchery-reared {Atlantic} salmon smolts of the {Simojoki} {River} in the {Baltic} {Sea}},
	volume = {68},
	number = {2},
	urldate = {2015-06-02},
	journal = {Journal of Fish Biology},
	author = {Jokikokko, E. and Kallio-Nyberg, I. and Saloniemi, I. and Jutila, E.},
	month = feb,
	year = {2006},
	keywords = {Atlantic salmon, Baltic Sea, fisheries, FISH larvae -- Geographical distribution, parr, SALMON, Salmo salar, smolt, stocking, Survival, SURVIVAL behavior (Animals)},
	pages = {430--442}
}

@article{jonsson_marine_2003,
	title = {The marine survival and growth of wild and hatchery-reared {Atlantic} salmon},
	volume = {40},
	number = {5},
	urldate = {2015-06-02},
	journal = {Journal of Applied Ecology},
	author = {Jonsson, Nina and Jonsson, Bror and Hansen, Lars Petter},
	month = oct,
	year = {2003},
	keywords = {River Imsa, salmon abundance, Salmo salar, sea-age at maturity, year-class variation},
	pages = {900--911}
}

@article{kallio-nyberg_differences_2015,
	title = {Differences between wild and reared {Salmo} salar stocks of two northern {Baltic} {Sea} rivers},
	volume = {165},
	urldate = {2015-05-13},
	journal ={Fisheries Research},
	author = {Kallio-Nyberg, Irma and Romakkaniemi, Atso and Jokikokko, Erkki and Saloniemi, Irma and Jutila, Eero},
	month = may,
	year = {2015},
	keywords = {Atlantic salmon, Natural stock, Recapture rate, Sea age at maturity, Sea migration, Smolt release},
	pages = {85--95}
}

@techreport{legrand_transfert_2014,
	title = {De la recherche à la gestion : transfert {d'un} modèle de dynamique de population vers un opérateur de la gestion. Cas du saumon de {l'Allier}},
	institution = {LOGRAMI,{INRA--UMR 1224 ECOBIOP}},
	author = {Legrand, M. and Prévost, E.},
	year = {2015},
	pages = {97}
}

@techreport{legrand_prevost_2015,
	title = {Développement et mise à jour du modèle de dynamique de population du saumon de {l’Allier} . Année 2015},
	institution = {LOGRAMI,{INRA--UMR 1224 ECOBIOP}},
	author = {Legrand, M. and Prévost, E.},
	year = {2016},
	pages = {113}
}


@article{milot_reduced_2013,
	title = {Reduced fitness of {Atlantic} salmon released in the wild after one generation of captive breeding},
	volume = {6},
	number = {3},
	urldate = {2015-05-13},
	journal = {Evolutionary Applications},
	author = {Milot, Emmanuel and Perrier, Charles and Papillon, Lucie and Dodson, Julian J. and Bernatchez, Louis},
	month = apr,
	year = {2013},
	keywords = {Atlantic salmon, contemporary evolution, evolutionary change, FISH breeding,
FISHES -- Population biology, fitness, parentage analysis, Salmonid, Smolting, SOCIOECONOMIC factors, supportive breeding},
	pages = {472--485}
}

@techreport{minster_err_1999,
	title = {Repérage et évaluation des surfaces potentielles de développement de juvéniles de saumons atlantiques : Proposition d'un modèle de gestion des stocks sur les bassins de {l'Allier} et de {l'Arroux}.},
	institution = {{LOGRAMI},{CSP--DR6}},
	author = {Minster, A. M. and Bomassi, P.},
	year = {1999},
	pages = {66}
}

@article{skaala_performance_2012,
	title = {Performance of farmed, hybrid, and wild {Atlantic} salmon ( {Salmo} salar) families in a natural river environment},
	volume = {69},
	urldate = {2015-05-13},
	journal = {Canadian Journal of Fisheries \& Aquatic Sciences},
	author = {Skaala, Øystein and Glover, Kevin A. and Barlaup, Bjørn T. and Svåsand, Terje and Besnier, Francois and Hansen, Michael M. and Borgstrøm, Reidar and Fleming, Ian},
	month = dec,
	year = {2012},
	keywords = {Atlantic salmon, COMPARATIVE studies, FISH eggs, FISHES-- Growth, FISHES -- Hybridization, FISH feeds},
	pages = {1994--2006}
}


@article{theriault_reduced_2011,
	title = {Reduced reproductive success of hatchery coho salmon in the wild: insights into most likely mechanisms},
	volume = {20},
	number = {9},
	urldate = {2015-06-02},
	journal = {Molecular Ecology},
	author = {Thériault, Véronique and Moyer, Gregory R and Jackson, Laura S and Blouin, Michael S and Banks, Michael A},
	month = may,
	year = {2011},
	keywords = {Animal Migration/physiology, Animals, CONSERVATION of natural resources, Female, Fisheries*, Humans, Male, Mating Preference, Animal, Oncorhynchus kisutch/*physiology, Oncorhynchus/*physiology, Reproduction/genetics},
	pages = {1860--1869}
}


